@misc{construct_philosophy,
  author = {{Wikipedia contributors}},
  title = {Construct (philosophy)},
  url = {https://en.wikipedia.org/wiki/Construct_%28philosophy%29},
}

@misc{operationalization,
  author = {{Wikipedia contributors}},
  title = {Operationalization},
  url = {https://en.wikipedia.org/wiki/Operationalization},
}

@misc{mechanism_philosophy,
  author = {{Wikipedia contributors}},
  title = {Mechanism (philosophy)},
  url = {https://en.wikipedia.org/wiki/Mechanism_%28philosophy%29},
}

@misc{epiphenomenon,
  author = {{Wikipedia contributors}},
  title = {Epiphenomenon},
  url = {https://en.wikipedia.org/wiki/Epiphenomenon},
}

@article{fries2015rhythms,
  author = {Fries, Pascal},
  title = {Rhythms for Cognition: Communication through Coherence},
  journal = {Neuron},
  year = {2015},
  volume = {88},
  number = {1},
  pages = {220--235},
  doi = {10.1016/j.neuron.2015.09.034},
  url = {https://doi.org/10.1016/j.neuron.2015.09.034},
  pmid = {26447583},
  pmcid = {PMC4605134}
}

@misc{borgers_ping,
  author       = {Börgers, C.},
  title        = {Pyramidal Interneuron Network Gamma (PING)},
  chapter      = {30},
  booktitle    = {Protobook},
  note         = {Available at: \url{https://web.njit.edu/~horacio/AdvancedCompNeuro/downloads/BorgersProtobook_Ch30_PING.pdf}}
}

@book{buzsaki2006rhythms,
  author       = {György Buzsáki},
  title        = {Rhythms of the Brain},
  year         = {2006},
  publisher    = {Oxford University Press},
  address      = {New York},
  isbn         = {9780195301069}
}

@article{welch1967use,
  title={The use of fast Fourier transform for the estimation of power spectra: a method based on time averaging over short, modified periodograms},
  author={Welch, Peter},
  journal={IEEE Transactions on audio and electroacoustics},
  volume={15},
  number={2},
  pages={70--73},
  year={1967},
  publisher={IEEE}
}
