@misc{construct_philosophy,
  author = {{Wikipedia contributors}},
  title = {Construct (philosophy)},
  url = {https://en.wikipedia.org/wiki/Construct_%28philosophy%29},
}

@misc{operationalization,
  author = {{Wikipedia contributors}},
  title = {Operationalization},
  url = {https://en.wikipedia.org/wiki/Operationalization},
}

@misc{mechanism_philosophy,
  author = {{Wikipedia contributors}},
  title = {Mechanism (philosophy)},
  url = {https://en.wikipedia.org/wiki/Mechanism_%28philosophy%29},
}

@misc{epiphenomenon,
  author = {{Wikipedia contributors}},
  title = {Epiphenomenon},
  url = {https://en.wikipedia.org/wiki/Epiphenomenon},
}

@article{fries2015rhythms,
  author = {Fries, Pascal},
  title = {Rhythms for Cognition: Communication through Coherence},
  journal = {Neuron},
  year = {2015},
  volume = {88},
  number = {1},
  pages = {220--235},
  doi = {10.1016/j.neuron.2015.09.034},
  url = {https://doi.org/10.1016/j.neuron.2015.09.034},
  pmid = {26447583},
  pmcid = {PMC4605134}
}