@misc{borgers_ping,
  author       = {Börgers, C.},
  title        = {Pyramidal Interneuron Network Gamma (PING)},
  chapter      = {30},
  booktitle    = {Protobook},
  note         = {Available at: \url{https://web.njit.edu/~horacio/AdvancedCompNeuro/downloads/BorgersProtobook_Ch30_PING.pdf}}
}

@book{buzsaki2006rhythms,
  author       = {György Buzsáki},
  title        = {Rhythms of the Brain},
  year         = {2006},
  publisher    = {Oxford University Press},
  address      = {New York},
  isbn         = {9780195301069}
}

@article{welch1967use,
  title={The use of fast Fourier transform for the estimation of power spectra: a method based on time averaging over short, modified periodograms},
  author={Welch, Peter},
  journal={IEEE Transactions on audio and electroacoustics},
  volume={15},
  number={2},
  pages={70--73},
  year={1967},
  publisher={IEEE}
}

